@article{turing:1950,
  title={Computing machinery and intelligence},
  author={Turing, Alan M},
  journal={Mind},
  volume={59},
  number={236},
  pages={433--460},
  year={1950},
}

@article{turing:1936,
  title={On computable numbers, with an application to the Entscheidungsproblem},
  author={Turing, Alan M},
  journal={Proceedings of the London mathematical society},
  volume={42},
  number={2},
  pages={230--265},
  year={1936},
}

@misc{https://doi.org/10.48550/arxiv.1201.0749,
  doi = {10.48550/ARXIV.1201.0749},
  
  url = {https://arxiv.org/abs/1201.0749},
  
  author = {McGuire, Gary and Tugemann, Bastian and Civario, Gilles},
  
  keywords = {Data Structures and Algorithms (cs.DS), FOS: Computer and information sciences, FOS: Computer and information sciences},
  
  title = {There is no 16-{C}lue {S}udoku: {S}olving the {S}udoku {M}inimum {N}umber of {C}lues {P}roblem},
  
  publisher = {arXiv},
  
  year = {2012},
  
  copyright = {arXiv.org perpetual, non-exclusive license}
}

@book{CrackingTheCryptic2021 ,
  title     = "Cracking The Cryptic Greatest Hits",
  author    = "Goodliffe, Mark and Anthony, Simon",
  year      = 2021,
  publisher = "Coffeebean",
  isbn = "978-1-954958-00-5"
}

@book{ArtificialAModernApproach,
  title     = "Artificial Intelligence: A Modern Approach, 4th Global ed.",
  author    = "Russell, Stuart and Norvig, Peter",
  year      = 2022,
  publisher = "Pearson",
  address   = "KAO Two KAO Park Hockham Way Harlow CM17 9SR United Kingdom",
  isbn = "978-1-292-40117-1"
}